2956 5092
541 1400 923 1494 PRAEFATIO.

662 1593 796 1603 —-———

244 1712 459 1781 Continentur
491 1713 553 1779 hoc
579 1713 685 1781 indice
718 1720 751 1781 et
782 1718 943 1784 uocabula
970 1719 1166 1788 Vitruuianc
1195 1724 1305 1790 omnia

156 1825 188 1887 et
210 1844 321 1888 omnes
344 1821 421 1907 loci,
450 1821 506 1886 ubi
534 1822 699 1908 leguntur,
726 1823 792 1889 nisi
819 1825 905 1909 quod
932 1827 968 1892 in
995 1828 1062 1894 his:
1090 1830 1257 1896 oduntem
1278 1837 1308 1897 et

155 1931 190 1995 in
216 1930 245 1996 is
270 1931 317 1995 itu
343 1951 407 1996 aon
433 1935 478 1996 est
503 1934 579 1994 sunt
603 1930 671 2014 qui,
702 1953 784 2015 quae
815 1930 850 1996 in
879 1933 993 2016 queuis
1024 1935 1147 2020 pagina
1176 1938 1306 2022 saepius

156 2039 340 2120 occurrunt,
368 2059 424 2102 eos
447 2039 575 2102 tantum
598 2036 686 2101 locos
710 2036 892 2122 adscriptos
921 2039 1081 2125 inuenies,
1111 2043 1169 2107 ubi
1191 2043 1305 2110 inuitis

155 2143 320 2210 codicibus
344 2144 401 2206 aut
424 2141 546 2207 omissa
569 2143 626 2227 aut
648 2144 776 2207 mutata
799 2146 857 2208 aut
879 2144 1003 2210 inserta
1021 2149 1106 2212 sunt.
1142 2147 1305 2214 Hortante

155 2274 207 2337 eo,
235 2273 329 2335 quem
358 2248 460 2314 totius
491 2247 599 2333 operis
626 2251 791 2315 auctorem
820 2252 917 2336 atque
944 2251 1175 2339 instigatorem
1204 2254 1304 2321 habui

154 2358 192 2425 It.
216 2357 392 2443 Schoenio,
420 2379 459 2422 oo
487 2355 658 2438 uocabula,
686 2379 768 2443 quac
796 2357 892 2424 aliter
918 2359 953 2425 in
982 2364 1136 2427 contextu
1160 2362 1305 2429 Itosiuno

155 2469 307 2554 logmrtur
330 2468 427 2550 atquo
450 2465 484 2531 in
512 2464 689 2551 codicibus,
719 2466 875 2534 asterisco
904 2469 1032 2556 notaui,
1059 2469 1106 2536 ita
1132 2472 1243 2537 tumen
1269 2476 1307 2538 ut

155 2599 236 2663 quae
269 2574 456 2642 coniectura
487 2595 620 2658 prorsus
654 2576 780 2639 mutata
812 2576 901 2660 sunt,
933 2576 1059 2664 omnia,
1095 2600 1134 2643 ea
1165 2602 1304 2664 quorum

154 2683 398 2747 terminationes
422 2684 550 2746 tantum
572 2684 722 2766 nauatae,
745 2680 869 2747 delectu
892 2682 1008 2750 habito
1031 2684 1218 2769 indicarem,
1241 2708 1305 2770 qua

153 2788 188 2852 in
211 2810 245 2852 re
267 2787 404 2852 nimium
427 2808 479 2851 me
502 2786 615 2851 fecisse
643 2808 741 2870 quam
763 2809 879 2871 perum
907 2789 1009 2854 uideri
1033 2789 1143 2854 malui.
1189 2789 1302 2874 Neque

154 2916 231 2960 uero
251 2916 290 2959 ea
308 2893 405 2959 omisi
424 2892 592 2976 uocabula,
615 2913 697 2977 quae
720 2914 793 2958 cum
816 2893 851 2958 in
874 2894 968 2960 libris
987 2896 1147 2981 legantur,
1165 2918 1185 2959 a
1203 2895 1303 2961 Rusio

153 3005 210 3068 aut
233 3001 336 3066 eiecta
359 3002 416 3065 aut
439 3000 566 3064 mutata
593 3001 682 3085 sunt3
709 3001 866 3066 nonnulla
888 3002 976 3067 euim
1004 3004 1090 3067 certe
1118 3000 1148 3066 ei
1170 3001 1205 3066 in
1228 3024 1303 3069 con·

150 3111 275 3174 textum
307 3106 492 3193 recipienda
522 3105 666 3192 fuerant,
693 3109 731 3171 ut
761 3108 930 3190 epitonium
962 3108 1124 3187 lineatum,
1157 3108 1196 3173 de
1228 3108 1301 3174 aliis

149 3215 297 3281 dubitare
319 3214 409 3299 licet,
439 3214 505 3279 alia
531 3213 647 3299 quibus
671 3214 863 3298 praesertim
886 3215 977 3280 uitiis
1001 3215 1127 3281 codices
1152 3218 1299 3300 corrupti

151 3321 219 3387 sint
239 3321 365 3391 docent.

239 3426 380 3513 Graeca,
412 3449 494 3512 quae
529 3428 655 3513 graecis
687 3426 807 3494 litteris
839 3427 985 3494 altosio
1015 3427 1199 3493 scribuntur
1227 3451 1300 3494 eum

152 3537 217 3602 suis
240 3536 321 3601 locis
343 3528 463 3600 inserui
486 3536 556 3599 tum
575 3534 610 3599 in
628 3535 691 3600 fine
710 3534 821 3601 omnia
840 3534 1017 3621 composui,
1041 3535 1172 3602 omissis
1190 3538 1300 3600 temen

152 3642 396 3729 epigrammatis
420 3665 503 3727 quae
526 3665 559 3727 p.
577 3642 652 3707 201.
672 3643 738 3707 202
761 3642 922 3727 leguntur.

239 3747 392 3833 Sequitur
420 3751 612 3832 conspectus
640 3751 791 3813 notarum
818 3747 1048 3832 numeralium,
1075 3749 1187 3832 qualos
1214 3749 1299 3833 apud

152 3853 290 3920 ltosium
310 3857 344 3919 et
365 3855 400 3920 in
424 3854 588 3921 codicibus
612 3856 738 3942 extant3
762 3854 950 3920 emendatas
973 3853 1119 3919 inuenies
1143 3854 1177 3920 in
1201 3876 1300 3920 anna·

152 3961 238 4026 libus
252 3961 525 4027 Fleckeiseniauis
540 3984 568 4027 a.
585 3961 670 4028 1876
685 3984 715 4047 p.
730 3961 793 4027 251
810 3983 888 4047 sqq„
907 3962 964 4027 ubi
978 3960 1169 4027 Hultsehius
1184 3960 1301 4027 doctis·

152 4068 231 4132 sime
254 4068 293 4133 de
316 4068 358 4133 iis
381 4068 570 4154 disputuuit.

238 4174 384 4259 Denique
416 4174 519 4240 adieci
551 4174 671 4240 selecta
701 4175 860 4260 epitomes
888 4173 1103 4239 Vitruuianae
1131 4159 1300 4261 uocabula,

152 4281 242 4346 cuius
270 4282 435 4345 auctorem
463 4279 578 4346 folium
608 4281 650 4346 ab
678 4280 709 4346 J.
732 4279 880 4365 Hauptio
907 4303 1010 4364 nuper
1037 4281 1072 4345 in
1099 4280 1301 4346 bibliotheca

151 4386 396 4452 vindobonensi
414 4390 578 4472 repertum
597 4386 697 4473 (nuuc
715 4386 826 4472 Suppl.
845 4386 947 4476 2867)
965 4387 1010 4453 Μ.
1028 4385 1156 4453 Cetium
1174 4387 1298 4453 Fauen·

150 4496 254 4560 tinum
291 4494 451 4581 praebuit.
496 4495 588 4572 Quod
620 4495 734 4562 folium
765 4518 837 4560 cum
869 4495 987 4561 saecuti
1006 4493 1095 4562 noni
1126 4495 1178 4560 uel
1211 4498 1297 4561 certe
